@ARTICLE {Charney1950,
    author = "J. G. Charney and R. Fjortoft and J. von Neumann",
    title = "Numerical Integration of the Barotropic Vorticity Equation",
    journal = "Tellus",
    year = 1950,
    volume = 2,
    pages = "237-254",
}

@BOOK{Ahrens2005,
    author = "C. Donald Ahrens",
    title = "Meteorology Today - An Introduction to Weather, Climate, and the Environment",
    publisher = "West Publising Company",
    year = 1995,
    pages = 591,
    edition = "5th",
}

@BOOK{Manly1986,
    author = "Bryan F. J. Manly",
    title = "Multivariate Statistical Methods - A Primer",
    publisher = "Chapman and Hall",
    year = 1986,
    pages = 159,
}

@MISC{AMSpwat,
    author = "AMS",
    title = "{A}merican {M}eteorological {S}ociety Glossary - Precipitable Water",
    year = 2010,
    url = "http://amsglossary.allenpress.com/glossary/search?id=precipitable-water",

}

@ARTICLE{Baker1977,
    author = "Wayman E. Baker and Ernest C. Kung and Richard C. J. Somerville",
    title = "Energetics Diagnosis of the {NCAR} General Circulation Model",
    journal = "Mon. Wea. Rev.",
    year = 1977,
    volume = 105,
    pages = "1384-1401",
}

@ARTICLE{Bechtold2009,
    author = "P. Bechtold and J. R. Bidlot",
    title = "Convective Gusts",
    journal = "ECMWF Newsletter",
    year = "2009",
    volume = "119",
    pages = "15-18",
    comment = "cited by IFS33r1",
}

@ARTICLE{Beljaars1987,
    author = "A. C. M. Beljaars",
    title = "The Influence of Sampling and Filtering on Measured Wind Gusts",
    journal = "J. Atmos. Oceanic Technol.",
    year = "1987",
    volume = "4",
    pages = "613-626",
}

@CONFERENCE{Black2008,
    author = "J. L. Black and R. E. Bateman and P. H. Herzegh and G. Wiener and J. Cowie and C. J. Kessinger",
    title = "An automated national-scale ceiling and visibility forecast system: Development progress",
    booktitle = "Preprints, 13th Conf. on Aviation, Range, and Aerospace Meteorology",
    year = "2008",
    series = "Amer. Meteor. Soc. 7.2",
    address = "New Orleans, LA, USA",
    url = "http://ams.confex.com/ams/pdfpapers/133936.pdf",
}

@BOOK{Bohren1998,
    author = "F. Craig Bohren and Bruce A. Albrecht",
    title = "Atmospheric Thermodynamics",
    publisher = "Oxford University Press",
    year = "1998",
}

@ARTICLE{Brasseur2001,
    author = "O. Brasseur",
    title = "Development and Application of a Physical Approach to Estimating Wind Gusts",
    journal = "Mon. Wea. Rev.",
    year = "2001",
    volume = "129",
    pages = "5-25",
}

@ARTICLE{Brasseur2002,
    author = "O. Brasseur and H. GallÃ©e and H. Boyen and C. Tricot",
    title = "Reply",
    journal = "Mon. Wea. Rev.",
    year = "2002",
    volume = "130",
    pages = "1936-1942",
}

@BOOK{OpenCirc1995,
    title = "Ocean Circulation",
    publisher = "Open University and Pergamon Press",
    year = "1995",
    author = "Joan Brown and Angela Colling and Dave Park and John Phillips and
    Dave Rothery and John Wright",
    pages = "238",
    edition = "2nd",
}

@ARTICLE{BurkThompson2002,
    author = "Stephen D. Burk and William T. Thompson",
    title = "Comments on 'Development and Application of a Physical Approach to Estimating Wind Gusts'",
    journal = "Mon. Wea. Rev.",
    year = "2002",
    volume = "130",
    pages = "1933-1935",
}

@BOOK{Callen1985,
    author = "B. Herbert Callen",
    title = "Thermodynamics and an Introduction to Thermostatistics",
    publisher = "John Wiley \& Sons. B.",
    year = "1985",
    edition = "2nd",
}

@CONFERENCE{Calvo2009,
    author = "Javier Calvo and Gema Morales",
    title = "Verification of Wind Gust Forecasts",
    booktitle = "19th ALADIN Workshop \& HIRLAM All Staff Meeting",
    year = "2009",
    address = "Utrecht, Netherlands",
    month = "12-15 May",
    url = "http://www.cnrm.meteo.fr/aladin/IMG/pdf/ME_JC.pdf",
    institution = "AEMET",
}

@CONFERENCE{Cheung2008,
    author = "Ping Cheung and C. C. Lam and P. W. Chan",
    title = "Numerical Simulation of Wind Gusts in Terrain-disrupted Airflow at
    the Hong Kong International Airport",
    booktitle = "13th Conference on Mountain Meteorology",
    year = "2008",
    address = "Whistler, BC, Canada",
    month = "11-15 August",
}

@ARTICLE{Clark2008,
    author = "P.A. Clark and S.A. Harcout and B. Macpherson and C.T. Mathison and
    S. Cusak and M. Naylor",
    title = "Prediction of visibility and aerosol witin the operational {M}et {O}ffce {U}nified {M}odel. {I}. Model Formulation and variational assimilation",
    journal = "Q. J. R. Meteorol. Soc.",
    year = "2008",
    volume = "134",
    pages = "1801-1816",
}

@BOOK{Coelho2001,
    author = "Henrique Coelho",
    title = "Modela\c{c}\~{a}o de Processos F\'{\i}sicos Relacionados com a Circula\c{c}\~{a}o
    Oce\^{a}nica na Margem Continental Ib\'{e}rica",
    publisher = "PhD Thesis. Instituto Superior T\'{e}cnico.",
    year = "2001",
    pages = "309",
}

@ARTICLE{Costa2008,
    author = "Alexandre Costa and Ant\'{o}nio Crespo and Jorge Navarro and G. Lizcano",
    title = "A review on the young history of the wind power short-term prediction",
    journal = "Renewable and Sustainable Energy Reviews",
    year = 2008,
    volume = 12,
    pages = "1725-1744",
    issue = 6,
}


@ARTICLE{Cvitan2003,
    author = "Lidija Cvitan",
    title = "Determining wind gusts using mean hourly wind speed",
    journal = "Geofizika",
    year = "2003",
    volume = "20",
    pages = "63-74",
}

@ARTICLE{DavisNewstein1968,
    author = "Francis K. Davis and Herman Newstein",
    title = "The Variation of Gust Factors with Mean Wind Speed and with Height",
    journal = "J. Appl. Meteor.",
    year = "1968",
    volume = "7",
    pages = "372-378",
}

@CONFERENCE{Dudhia1996,
    author = "J. Dudhia",
    title = "A multi-layer soil temperature model for {MM5}",
    booktitle = "Preprint, 6th PSU/NCAR Mesoscale Model Users Workshop",
    year = "1996",
    month = "22-24 July",
    address = "Boulder, Colorado, USA",
    url = "http://www.mmm.ucar.edu/mm5/lsm/soil.pdf",
}

@MANUAL{Dudhia2005,
    author = "Jimy Dudhia and Dave Gill and Kevin Manning and Wei Wang and Cindy
    Bruyere and Sudie Kelly and Katy Lackey",
    title = "{PSU}/{NCAR} Mesoscale Modeling {S}ystem. Tutorial Class
    Notes and User's Guide: {MM5} Modeling System Version 3",
    month = "January",
    year = "2005",
    institution = "Mesoscale and Miscroscale Meteorology Division, National Center for
    Atmospheric Research (NCAR), University Corporation of Atmospheric
    Research (UCAR)",
    url = "http://www.mmm.ucar.edu/mm5/documents/tutorial-v3-notes.html",
}

@TECHREPORT{IFS33r1,
    author = "ECMWF",
    title = "{IFS} Documentation {C}y33r1 - Part {IV}: Physical Processes",
    institution = "European Centre for Medium-Range Weather Forecasts (ECMWF)",
    year = "2008",
    month = "3 June",
    url = "http://www.ecmwf.int/research/ifsdocs/CY33r1/PHYSICS/IFSPart4.pdf",
    pages = "151",
}

@TECHREPORT{USAtlas1987,
    author = "D.L. Elliott and C.G. Holladay and W.R. Barchet and H.P. Foote and
    W.F. Sandusky",
    title = "Wind Energy Resource Atlas of the United States",
    institution = "Solar Energy Research Institute",
    year = 1987,
    address = "Golden, Colorado",
    url = "http://rredc.nrel.gov/wind/pubs/atlas",
}

@TECHREPORT{EWEA2008,
    author = "EWEA",
    title = "Winning with European Wind. Creating Power, helping the environment: {EWEA} 2008 Annual Report",
    institution = "The European Wind Energy Association",
    year = "2008",
    url = "http://www.ewea.org/fileadmin/ewea_documents/documents/publications/Annual_Report_2008.pdf",
}

@ARTICLE{Ghirardelli2010,
    author = "Ghirardelli, Judy E. and Glahn, Bob",
    title = "The Meteorological Development Laboratory’s Aviation Weather Prediction
    System",
    journal = "Wea. Forecasting",
    year = "2010",
    volume = "25",
    pages = "1027-1051",
    number = "4",
    url = "http://journals.ametsoc.org/doi/abs/10.1175/2010WAF2222312.1",
}

@ARTICLE{GlahnLowry1972,
    author = "Harry R. Glahn and Dale A. Lowry",
    title = "The Use of Model Output Statistics ({MOS}) in Objective Weather Forecasting",
    journal = "J. Appl. Meteor",
    year = "1972",
    volume = "11",
    pages = "1203-1211",
}

@ARTICLE{KleinGlahn1974,
    author = "Harry R. Glahn and Dale A. Lowry",
    title = "Forecasting Local Weather by Means of Model Output Statistics",
    journal = "Bull. Amer. Meteor. Soc.",
    year = "1974",
    volume = "55",
    issue = "10",
    pages = "1217-1227",
}

@ARTICLE{Burrows1985,
    author = "William R. Burrows",
    title = "On the Use of Time-Offset Model Output Statistics for Production of Surface Wind Forecasts",
    journal = "Mon. Wea. Rev.",
    year = "1985",
    volume = "113",
    pages = "2049-2054",
}

@ARTICLE{Brunet1988,
    author = "N. Brunet and R. Verret and N. Yacowar",
    title = "An Objective Comparison of Model Output Statistics and Perfect-Prog Systems in Producing Numerical Weather Element Forecasts",
    journal = "Wea. Forecasting",
    year = "1988",
    volume = "3",
    pages = "273-283",
}

@ARTICLE{Carter1989,
    author = "Gary M. Carter and J. Paul Dallavalle and Harry R. Glahn",
    title = "Statistical Forecasts Based on the National Meteorological Center's Numerical Weather Prediction System",
    journal = "Wea. Forecasting",
    year = "1989",
    volume = "4",
    pages = "401-412",
}

@ARTICLE{JacksEtAl1990,
    author = "E. Jacks and J. B. Bower and V. J. Dagostaro and J. P. Dallavalle and M. C. Erickson and J. C. Su",
    title = "New {NGM}-Based {MOS} Guidance for Maximum/Minimum Temperature, Probability of Precipitation, Cloud Amount, and Surface Wind",
    journal = "Wea. Forecasting",
    year = "1990",
    volume = "5",
    pages = "128-138",
}

@ARTICLE{VislockyFritsch1995,
    author = "Robert L. Vislocky and J. Michael Fritsch",
    title = "Improved Model Output Statistics Forecasts through Model Consensus",
    journal = "Bull. Amer. Meteor. Soc.",
    year = "1995",
    volume = "76",
    issue = "7",
    pages = "1157-1164",
}


@ARTICLE{HartEtAl2004,
    author = "Kenneth A. Hart and W. James Steenburgh and Daryl J. Onton and Andrew J. Siffert",
    title = "An Evaluation of Mesoscale-Model-Based Model Output Statistics ({MOS}) during the 2002 {O}lympic and {P}aralympic {W}inter {G}ames",
    journal = "Wea. Forecasting",
    year = "2004",
    volume = "19",
    pages = "200-218",
}

@ARTICLE{BaarsMass2005,
    author = "Jeffrey A. Baars and Clifford F. Mass",
    title = "Performance of {N}ational {W}eather {S}ervice Forecasts Compared to Operational, Consensus, and Weighted Model Output Statistics",
    journal = "Wea. Forecasting",
    year = "2005",
    volume = "20",
    pages = "1034-1047",
}


@ARTICLE{WilsonVallee2002,
    author = "Laurence J. Wilson and Marcel Vall\'{e}e",
    title = "The {C}anadian Updatable Model Output Statistics ({UMOS}) System: Design and Development Tests",
    journal = "Wea. Forecasting",
    year = "2002",
    volume = "17",
    pages = "206-222",
}

@ARTICLE{WilsonVallee2003,
    author = "Laurence J. Wilson and Marcel Vall\'{e}e",
    title = "The {C}anadian Updatable Model Output Statistics ({UMOS}) System: Validation against Perfet-Prog",
    journal = "Wea. Forecasting",
    year = "2003",
    volume = "18",
    pages = "288-302",
}

@ARTICLE{StensrudYussouf2003,
    author = "David J. Stensrud and Nusrat Yussouf",
    title = "Short-Range Ensemble Predictions of 2-m Temperature and Dewpoint Temperature over New England",
    journal = "Mon. Wea. Rev.",
    year = "2003",
    volume = "131",
    pages = "2510-2524",
}

@ARTICLE{StensrudYussouf2005,
    author = "David J. Stensrud and Nusrat Yussouf",
    title = "Bias-corrected short-range ensemble forecasts of near surface variables",
    journal = "Meteorol. Appl.",
    year = "2005",
    volume = "12",
    pages = "217-230",
}


@ARTICLE{YussoufStensrud2007,
    author = "Nusrat Yussouf and David J. Stensrud",
    title = "Bias-Corrected Short-Range Ensemble Forecasts of Near Surface Variables during 2005/2006 Cool Season",
    journal = "Wea. Forecasting",
    year = "2007",
    volume = "22",
    pages = "1274-1286",
}


@ARTICLE{Nimrod1998,
    author = "B. W. Golding",
    title = "Nimrod: A system for generating automated very short range forecasts",
    journal = "Meteorol. Appl.",
    year = "1998",
    volume = "5",
    pages = "1-16",
}

@TECHREPORT{BestPractices2003,
    author = "Linette C. Goodwin",
    title = "Best Practices For Road Weather Management",
    institution = "U.S. Federal Highway Administration",
    year = "2003",
    url = "http://ops.fhwa.dot.gov/weather/best\_practices/CaseStudiesFINALv2-RPT.pdf",
}

@ARTICLE{Goyette2003,
    author = "St\'{e}phane Goyette and Olivier Brasseur and Martin Beniston",
    title = "Application of a new wind gust parametrization: multiscale case studies performed with the Canadian regional climate model",
    journal = "J. Geo. Res.",
    year = "2003",
    volume = "108:D13",
}

@TECHREPORT{MM51995,
    author = "Georg A. Grell and Jimy Dudhia and David R. Stauffer",
    title = "A Description of the Fifth-Generation Penn State/{NCAR} Mesoscale Model ({MM5})",
    institution = "Mesoscale and Miscroscale Meteorology Division, National Center for Atmospheric Research (NCAR), University Corporation of Atmospheric    Research (UCAR), USA.",
    year = "1995",
    type = "NCAR Technical Note",
    number = "398",
    month = "June",
    url = "http://www.mmm.ucar.edu/mm5/documents/mm5-desc-doc.html",
    pages = "122",
}

@ARTICLE{Gultepe2006,
    author = "I. Gultepe and M. D. Muller and Z. Boybeyi",
    title = "A New Visibility Parameterization for Warm-Fog Applications in Numerical Weather Prediction Models",
    journal = "J. Appl. Meteor. and Clim.",
    year = "2006",
    volume = "45",
    pages = "1469-1480",
}

@ARTICLE{HamillEtAl2004,
    author = "T. M. Hamill and J. S. Whitaker and X. Wei",
    title = "Ensemble Reforecasting: Improving Medium-Range Forecast Skill Using Retrospective Forecasts",
    journal = "Mon. Wea. Rev.",
    year = "2004",
    volume = "132",
    pages = "1434-1447",
}

@BOOK{Holton2004,
    author = "James R. Holton",
    title = "An Introduction to dynamic meteorology",
    publisher = "Elsevier Academic Press",
    year = "2004",
    pages = "535",
    edition = "4th",
}

@TECHREPORT{IMAeroporto2007,
    author = "IM",
    title = "Caracterização das Condições Meteorológicas e Climáticas das Regiões de Alcochete e Ota para Fins de Operações Aeronáticas",
    institution = "Instituto de Meteorologia",
    year = "2007",
    address = "Lisboa",
    month = "Outubro",
}

@BOOK{Kondepudi1998,
    author = "D. Kondepudi and I. Prigogine",
    title = "Modern Thermodynamics -- From heat engines to dissipative structures",
    publisher = "Wiley",
    year = "1998",
}

@BOOK{LangeB_PhD2002,
    author = "Bernhard Lange",
    title = "Modelling the Marine Boundary Layer for Offshore Wind Power Utilisation",
    publisher = "PhD Thesis. Physics Faculty, Oldenburg University",
    year = "2002",
    pages = "126",
}

@ARTICLE{Lange2005,
    author = "Matthias Lange",
    title = "On the uncertainty of wind power predictions - analysis of the forecast accuracy and statistical distribution of errors",
    journal = "Journal of Solar Energy Engineering",
    year = "2005",
    volume = "127",
    pages = "177-184",
}

@BOOK{Lutgens1998,
    author = "K. Frederic Lutgens and J. Edward Tarbuck",
    title = "The Atmosphere",
    publisher = "Prentice Hall",
    year = "1998",
    pages = "96",
}

@ARTICLE{Mahoney2005,
    author = "William P. Mahoney and Ben Bernstein and Jamie Wolff and Seth Linden
        and William L. Myers and Robert G. Hallomk and Jim Cowie and Andrew
        S. Stern and Geoge Koenig and Gary Phetteplace and Paul Schultz and
        Paul A. Pisano and Dennis Burkheimer",
    title = "FHWA's Maintenance Decision Support System Project: Results and Recommendations",
    journal = "Journal of the Transportation Research Board",
    year = "Spring 2005",
    volume = "1911",
    pages = "133-142",
    url = "http://ops.fhwa.dot.gov/weather/resources/publications/fhwa/trb2005_mdss_paper.pdf",

}

@BOOK{Manwell2002,
    author = "J. F. Manwell and J. G. McGowan and A. L. Rogers",
    title = "Wind Energy Explained - Theory, Design and Application",
    publisher = "John Wiley \& Sons Ltd",
    year = "2002",
    pages = "577",

}


@ARTICLE{Stull2008,
    author = "Doug McCollor and Roland Stull",
    title = "Hydrometeorological Accuracy Enhancement via Posprocessing of Numerical Weather Forecasts in Complex Terrain",
    journal = "Wea. Forecasting",
    year = "2008",
    volume = "23",
    pages = "131-144",
}

@ARTICLE{Merz1997,
    author = "Christopher J. Merz and Michael J. Pazzani",
    title = "A principal components approach to combining regression estimates",
    journal = "Machine Learning",
    year = "1997",
    volume = "0",
    pages = "1-25",
}




@MISC{Satelite1,
    author = "NRL",
    title = "Composite {VIS}/{IR} (Day/Night) - Naval Research Meteorology, Marine Meteorology Division, U.S. Navy, Monterey, California.",
    year = "2010",
    url = "http://www.nrlmry.navy.mil/archdat/mediterranean/model_overlays/SeaLevPres/",
}

@ARTICLE{Panofsky1977,
    author = "H. A. Panosfsky and H. Tennekes and D. H. Lenschow and J. C. Wyngaard",
    title = "Characteristics of Turbulent Velocity Components in the Surface Layer under Convective Conditions",
    journal = "Boundary-Layer Meteorol.",
    year = "1977",
    volume = "11",
    pages = "355-361",
}

@BOOK{Pasquill1974,
    author = "F. Pasquill",
    title = "Atmospheric Diffusion",
    publisher = "Ellis Horwood",
    year = "1974",
    pages = "429",
    edition = "2nd",
}

@BOOK{HighwayMeteo2003,
    author = "A.H. Perry and L.J. Symons",
    title = "Highway Meteorology",
    publisher = "Taylor \& Francis Books, Inc.",
    year = "2003",
}

@TECHREPORT{ECMWF2007,
    author = "Anders Persson and Federico Grazzini",
    title = "User's Guide to {ECMWF} forecast product, Version 4.0",
    institution = "European Centre for Medium-Range Weather Forecasts (ECMWF)",
    year = 2007,
    type = "Meteorological Bulletin",
    number = "M3.2",
    month = "14 March",
    pages = "151",
    url = "http://www.ecmwf.int/products/forecasts/guide/",
}


@TECHREPORT{Riso1997,
    author = "Erik L. Petersen and Niels G. Mortensen and Lars Landbers and J\o{}rgen H\o{}jstrup and Helmut P. Frank",
    title = "Wind Power Meteorology",
    institution = "Ris\o{} National Laboratory",
    year = 1997,
    number = "Ris\o{}-I-1206 (EN)",
    address = "Roskilde, Germany",
    url = "http://www.windatlas.dk/Home/Download/Wind%20Power%20Meteorology.pdf",
}

@TECHREPORT{DenAtlas1981,
    author = "E. L. Petersen and I. Troen and S. Frandsen and K. Hedegaard",
    title = "Wind atlas for {D}enmark. A rational method for wind energy siting",
    institution = "Ris\o{} National Laboratory",
    year = 1981,
    number = "Ris\o{}-R-428",
    address = "Roskilde, Germany",
    url = "http://www.windatlas.dk/World/Atlases.html",
    pages = 229,
}

@ARTICLE{Pinson2008,
    author = "P. Pinson and L. Christensen and H. Madsen and P. Sorensen and M. Donovan and L. Jensen",
    title = "Regime-switching modelling of the fluctuations of offshore wind generation",
    journal = "J. Wind. Eng. Ind.",
    year = "2008",
    volume = "96",
    pages = "2327-2347",
    issue = "2",
}

@CONFERENCE{Pisano2003,
    author = "Paul Pisano and Brandy Hicks and Rudy Persaud and Linette Goodwin and Andy Stern",
    title = "An Overview of Federal Highway Administration Road Weather Management Program Activities",
    booktitle = "Preprint, 19th Conference on Interactive Information Processing Systems",
    organization = "American Meteorological Society",
    year = "2003",
    month = "8-13 February",
    address = "Long Beach, CA, USA", 
    url = "http://ops.fhwa.dot.gov/weather/resources/publications/fhwa/amsoverviewfinal2.doc",
}

@TECHREPORT{REN2008,
    author = "REN",
    title = "Plano de Desenvolvimento e Investimento da Rede de Transporte 2009- 2014 (2019)",
    institution = "Rede Eléctrica Nacional",
    year = "2008",
}

@ARTICLE{Santos2005,
    author = "J. A. Santos and J. Corte-Real and S. M. Leite",
    title = "Weather regimes and their connection to the winter rainfall in Portugal",
    journal = "Int. J. Climatology",
    year = "2005",
    volume = "25",
    pages = "33-50",
}

@ARTICLE{CorteReal1998,
    author = "J. Corte-Real and Budong Qian and Hong Xu",
    title = "Regional Climate Change in Portugal: Precipitation Variability Associated with Large-Scale Atmospheric Circulation",
    journal = "Int. J. Climatology",
    year = "1998",
    volume = "18",
    pages = "619-635",
}

@ARTICLE{TrigoCamara2000,
    author = "Ricardo M. Trigo and Carlos C. DaCamara",
    title = "Circulation Weather Types and Their influence on the Precipitation Regime in Portugal",
    journal = "Int. J. Climatology",
    year = "2000",
    volume = "20",
    pages = "1559-1581",
}



@ARTICLE{Sass1992,
    author = "Bent H. Sass",
    title = "A Numerical Model for Prediction of Road Temperature and Ice",
    journal = "J. Appl. Meteor",
    year = "1993",
    volume = "31",
    pages = "1499-1506",
}

@TECHREPORT{CALMET2000,
    author = "Scire, J. and Robe, F. and Fernau, M. and Yamartino, R.",
    title = "A user's guide for the {CALMET} meteorological model (version 5)",
    institution = "Earth Tech Inc. Concorde, MA., USA.",
    year = "2000",
    pages = "332",
    url = "http://www.src.com/calpuff/download/download.htm",
}

@CONFERENCE{Sempreviva2007,
    author = "Anna Maria Sempreviva and Rebecca Barthelmie and Gregor Giebel and Bernhard Lange and Abha Sood",
    title = "Offshore Wind Resource Assessment in European Seas, State-of-the-Art. A Survey Within the {FP}6 {POW}\'{WOW} Coordination Action Project",
    booktitle = "European Wind Energy Conference and Exhibition",
    year = "2007",
    month = "7-10 May",
    address = "Milan, Italy",
    url = "http://powwow.risoe.dk/publ/SemprevivaBarthelmieGiebelLangeSood-OffshoreWindResourceAssessment_444_Ewec2007fullpaper.pdf",
}

@CONFERENCE{Smirnova2000,
    author = "Tatiana G. Smirnova",
    title = "Case Study Verification of {RUC/MAPS} Fog and Visibility Forecasts",
    booktitle = "Preprints, 9th Conf. on Aviation, Range and Aerospace Meteorolgy",
    year = "2000",
    series = "Amer. Meteor. Soc.",
    address = "Orlando, FL, USA",
    url = "http://ruc.fsl.noaa.gov",
}

@ARTICLE{Song2009,
    author = "Q. Song and D. Chelton and S. K. Esbensen and N. Thum and L. O'Neill",
    title = "Coupling between Sea Surface Temperature and Low-Level Winds in Mesoscale Numerical Models",
    journal = "J. Clim.",
    year = "2009",
    volume = "22",
    pages = "146-164",
    issue = "1",
}

@BOOK{Sousa2002,
    author = "T\^{a}nia Sousa",
    title = "Previs\~{a}o Meteorol\'{o}gica em {P}ortugal {C}ontinental utilizando o modelo operacional e de investiga\c{c}\~{a}o {MM5}",
    publisher = "Msc Thesis in Ecology, Management and Modelling of Marine Resources, Instituto Superior T\'{e}cnico, Lisbon Technical University",
    year = "2002",
    month = "November",
    url = "http://meteo.ist.utl.pt/new/publicacoes/f/Msc_TaniaSousa.pdf",
}

@BOOK{Cebola2007,
    author = "Pedro Cebola",
    title = "Produ\c{c}\~{a}o E\'{o}lica - Perpectiva do Operador na Rede",
    publisher = "Thesis in Electrotechnical, Industrial Automation and Power Systems Engineering, Instituto Superior de Engenharia de Lisboa",
    year = "2007",
    month = "October",
}

@BOOK{Costa2004,
    author = "Paulo Costa",
    title = "Atlas do Potencial E\'{o}lico para {P}ortugal {C}ontinental",
    publisher = "Msc Thesis in Science and Earth Engineering, Faculdade de Ci\^{e}ncias, Lisbon University",
    year = "2004",
    month = "June",
}

@BOOK{Esteves2004,
    author = "Teresa Esteves",
    title = "Base de Dados do Potencial Energ\'{e}tico do Vento em Portugal - Metodologia e Desenvolvimento",
    publisher = "Msc Thesis in Science and Earth Engineering, Faculdade de Ci\^{e}ncias, Lisbon University",
    year = "2004",
    month = "March",
}


@ARTICLE{Stoelinga1999,
    author = "Mark T. Stoelinga and Thomas T. Warner",
    title = "Nonhydrostatic, Mesobeta-Scale Model Simulations of Cloud Ceiling and Visibility for an East Coast Winter Precipitation Event",
    journal = "J. Appl. Meteor.",
    year = "1999",
    volume = "38",
    pages = "385-404",
}

@CONFERENCE{Bremen2007,
    author = "Lueder von Bremen and Nadja Saleck and Detlev Heinemann",
    title = "Enhanced Regional Forecasting considering Single Wind Farm Distribution for Upscalling",
    booktitle = "Journal of Physics: Conference Series 75",
    year = "2007",
}

@CONFERENCE{Saleck2008,
    author = "Nadja Saleck and F. Bertsch and Lueder von Bremen and Detlev Heinemann",
    title = "Weather Regimes as indicator of the accuracy of statistical wind power forecast models using near real time updates",
    booktitle = "European Wind Energy Conference \& Exhibition",
    year = "2008",
    address = "Brussels, Belgium",
    month = "27 February - 2 March",
}

@ARTICLE{Tang2008,
    author = "Yong Ming Tang and Rachel Capon and Richard Forbes and Peter Clark",
    title = "Fog prediction using a very high resolution numerical weather prediction model forced with a single profile",
    journal = "Meteorol. Appl.",
    year = "2008",
    note = "DOI10.1002/met.88",
}

@CONFERENCE{EWEC2008,
    author = "A. R. Trancoso and J. Delgado Domingos and R. Pestana",
    title = "Comparative evaluation of wind power forecasts for {P}ortuguese {T}ransmission {S}ystem {O}perator",
    booktitle = "European Wind Energy Conference and Exhibition.",
    year = "2008",
    address = "Brussels, Belgium",
    month = "31 March - 3 April",
}

@CONFERENCE{Aveiro2007,
    author = "A. R. Trancoso and J. Delgado Domingos and R. Pestana",
    title = "Comparative Study of Eolic Power Forecasts for the {T}ransmission {S}ystem {O}perator",
    booktitle = "4th Annual Meeting of the Iberic Network of MM5 users (RedIberica)",
    year = "2007",
    address = "Aveiro, Portugal",
    month = "26-27 April",
}

@CONFERENCE{EMS2007,
    author = "A. R. Trancoso and J. Delgado Domingos and R. Pestana",
    title = "Wind Power Predictability: comparative study of forecasts using {MM5} and {WRF} for the {P}ortuguese {T}ransmission {S}ystem {O}perator",
    booktitle = "7th European Meteorological Society Meeting / 8th European Conference on Applications of Meteorology",
    year = "2007",
    address = "San Lorenzo de El Escorial, Spain",
    month = "1-5 October",
}

@CONFERENCE{AME2006,
    author = "A. R. Trancoso and J. Delgado Domingos and R. Pestana",
    title = "Previsibilidade da energia éolica",
    booktitle = "XXIX Jornadas Cientificas da Asociación Meteorológica Española e 7º Encontro Hispano-Luso de Meteorologia",
    year = "2006",
    address = "Pamplona, Spain",
    month = "24-26 April",
}

@CONFERENCE{EOW2009,
      author = "A. R. Trancoso and G. Riflet and J. Delgado Domingos",
      title = "Forecasting Offshore Wind in Portugal",
      booktitle = "European Offshore Wind Conference \& Exhibition",
      year = "2009",
      address = "Stockholm, Sweden",
      month = "14-16 Spetember",
}

@CONFERENCE{ENER2006,
    author = "A. R. Trancoso and P. Torres and J. Delgado Domingos and R. Pestana",
    title = "Online Monitoring and Prediction of Wind Power: {P}ortuguese {T}ransmission {S}ystem {O}perator’s {M}ethodology",
    booktitle = "ENER'06 - Energias Renováveis, Segunrança e Integridade do Sistema Eléctrico",
    year = "2006",
    address = "Figueira da Foz, Portugal",
    month = "28 -30 Spetember",
}

@BOOK{Vallis2006,
  author = "Geoffrey K. Vallis",
  title = "Atmospheric and oceanic fluid dynamics - Fundamentals and large scale circulation",
  publisher = "Cambridge",
  year = "2006",
  pages = "745",
}



@BOOK{Wallace1997,
  author = "M. John Wallace and Peter Hobbs",
  title = "Atmospheric Science - An Introductory Survey",
  publisher = "Academic Press",
  year = "1997",
}

@ARTICLE{Wieringa1973,
  author = "J. Wieringa",
  title = "Gust Factors over Open Water and Built-up country",
  journal = "Boundary-Layer Meteorol.",
  year = "1973",
  volume = "3",
  pages = "424-441",
}

@BOOK{Wilks2005,
  author = "Daniel S. Wilks",
  title = "Statistical Methods in the Atmospheric Sciences",
  publisher = "Elsevier Academic Press",
  year = "2005",
  pages = "648",
  edition = "2nd",
}

@BOOK{vonStorch2001,
  author = "Hans von Storch and Francis W. Zwiers",
  title = "Statistical Analysis in Climate Reseach",
  publisher = "Cambridge University Press",
  year = "2001",
  pages = "484",
}


@TECHREPORT{Wright1996,
  author = "Bruce Wright and Nigel Thomas",
  title = "An objective visibility analysis and very-short range forecasting system",
  institution = "Forecast Research Division, Meteorological Office",
  year = "1996",
  number = "200",
  address = "United Kingdom",
  month = "October",
}

@ARTICLE{Wright1998,
  author = "Bruce J. Wright and Nigel Thomas",
  title = "An objective visibility analysis and very-short range forecasting system",
  journal = "Meteorol. Appl.",
  year = "1998",
  volume = "5",
  pages = "157-181",
}

@ARTICLE{YuChowdhury2009,
  author = "Bo Yu and Arindam Gan Chowdhury",
  title = "Gust Factors and Turbulence Intensities for the Tropical Cyclone Environment",
  journal = "J. Appl. Met. Clim.",
  year = "2009",
  volume = "48",
  pages = "534-552",
}

@ARTICLE{KT1984,
  author = "Ernest C. Kung and Hiroshi Tanaka",
  title = "Spectral Characteristics and Meridional Variations of Energy Transformations during the First and Second Special Observation Periods of {FGGE}",
  journal = "J. Atmos. Sci.",
  year = "1984",
  volume = "41",
  number = "11",
  pages = "1836-1849",
}

@ARTICLE{KB1975,
  author = "Ernest C. Kung and W. E. Baker",
  title = "Energy transformations in middle-latitude disturbances",
  journal = "Quart. J. R. Met. Soc.",
  year = "1975",
  volume = "101",
  pages = "793-815",
}

@ARTICLE{GrassoSingh2008,
  author = "V. F. Grasso and A. Singh",
  title = "Global Environmental Alert Service ({GEAS})",
  journal = "Adv. Space Res.",
  volume = "41",
  pages = "1836-1852",
  year = "2008",
}

@BOOK{LangeFocken2005,
    author = "Matthias Lange and Ulrich Focken",
    title = "Physical Approach to Short-Term Wind Power Prediction",
    publisher = "Springer-Verlag Berlin and Heidelberg GmbH \& Co. KG",
    year = 2005,
}

@CONFERENCE{LangeHeinemann2003,
    author = "Matthias Lange and Detlev Heinemann",
    title = "Relating the uncertainty of short-term wind speed predictions to meteorological situations with methods from synoptic climatology",
    booktitle = "European Wind Energy Conference \& Exhibition",
    year = "2003",
    address = "Madrid, Spain",
    date = "16-19 June",
    url = "http://www.energymeteo.de/media/EWEC2003-synoptic-climat.pdf",
}

@BOOK{Jolliffe2003,
    author = "I. T. Jolliffe and D. B. Stephenson",
    title = "Forecast Verification: A Practitioner’s Guide in Atmospheric Science",
    publisher = "John Wiley and Sons",
    address = "Chichester, UK",
    year = "2003",
    pages = "240",
}

JWGFVR (2009): Recommendation on verification of precipitation forecasts. WMO/TD report, no.1485 WWRP 2009-1
http://www.wmo.int/pages/prog/arep/wwrp/new/documents/WWRP2009-1_web_CD.pdf

@TECHREPORT{JWGFVR2009,
  author = "JWGFVR",
  title = "Recommendation on verification of precipitation forecasts",
  institution = "Joint Working Group on Forecast Verification Research, World Meteorological Organization",
  year = "2009",
  number = "WMO/TD no.1485 WWRP 2009-1",
  url = "http://www.wmo.int/pages/prog/arep/wwrp/new/documents/WWRP2009-1_web_CD.pdf",
}

@MISC{VerifFAQ,
    author = "JWGFVR",
    year = "2011",
    title = "Forecast Verification: Issues, Methods and {FAQ}",    
    publisher = "WWRP/WGNE Joint Working Group on Forecast Verification Research",   
    url = "http://www.cawcr.gov.au/projects/verification",
}

@TECHREPORT{WMO306,
  author = "WMO",
  title = "Manual on Codes. International Codes",
  institution = "World Meteorological Organization ({WMO})",
  year = "2009",
  number = "No. 306",
  url = "http://www.wmo.int/pages/prog/www/WMOCodes/Manual/Volume-I-selection/Sel1.pdf",
}


@TECHREPORT{WMO2010,
  author = "WMO",
  title = "Guidelines on Early Warning Systems and Applications of Nowcasting and Warning Operations",
  institution = "World Meteorological Organization ({WMO})",
  year = "2010",
  number = "PWS-21, TD No. 1559",
  url = "http://www.wmo.int/pages/prog/amp/pwsp/documents/PWS-21.pdf",

}

@INCOLLECTION{SOER2010,
  author = "SOER",
  title = "The European Environment, State And Outlook 2010",
  booktitle = "Urban Environment",
  publisher = "European Environment Agency",
  year = "2010",
  url = "http://www.eea.europa.eu/soer", 
}

@ARTICLE{Pullen2008,
  author = "J. Pullen  and J. Ching and D. Sailor and W. Thompson and B. Bornstein and D. Koracin",
  title = "Progress Toward Meeting the Challenges of Our Coastal Urban Future",
  journal = "Bull. Amer. Meteor. Soc.",
  month = "November",
  year = "2008",
  volume = "89",
  pages = "1727–1731",
}

@ARTICLE{Trusilova2008,
  author = "K. Trusilova and M. Jung and G. Churkina and U. Karstens and M. Heimann and M. Claussen",
  title = "Urbanization impacts on the climate of Europe: Numerical experiments with the {PSU/NCAR} Mesoscale Model ({MM5})",
  journal = "J. Appl. Meteor. Climatol.",
  year = "2008",
  volume = "47",
  pages = "1442-1455",
}


@ARTICLE{Koskinen2011,
  author = "J. T. Koskinen and Coauthors",
  title = "The {H}elsinki Testbed: A Mesoscale Measurement, Research, and Service Platform",
  journal = "Bull. Amer. Meteor. Soc.",
  month = "March",
  year = "2011",
  volume = "93",
  pages = "325-342",
}

@ARTICLE{Sharif2006,
  author = "H. O. Sharif and D. Yates and R. Roberts and C. Mueller",
  title = "The Use of an Automated Nowcasting System to Forecast Flash Floods in an Urban Watershed",
  journal = "J. Hydrometeor.",
  year = "2006",
  volume = "7",
  pages = "190-202",
}

@ARTICLE{Mailhot2010,
  author = "J. Mailhot and Coauthors",
  title = "Environment {C}anada's Experimental Numerical Weather Prediction Systems for the {V}ancouver 2010 {W}inter {O}lympic and {P}aralympic {G}ames",
  journal = "Bull. Amer. Meteor. Soc.",
  month = "August",
  year = "2010",
  volume = "91",
  pages = "1073–1085",
}

@ARTICLE{Wilson2010,
  author = "J. W. Wilson and Y. Feng and M. Chen and R. D. Roberts",
  title = "Nowcasting Challenges during the {B}eijing {O}lympics: Successes, Failures, and Implications for Future Nowcasting Systems",
  journal = "Wea. Forecasting",
  month = "December",
  year = "2010",
  volume = "25",
  pages = "1691-1714",
}


@MISC{Antunes2007,
    author = "C. Antunes",
    year = "2007",
    title = "Previsão de Marés dos Portos Principais de Portugal",
    language = "Portuguese",
    publisher = "Faculty of Sciences, University of Lisbon",
    url = "http://webpages.fc.ul.pt/~cmantunes/hidrografia/hidro_mares.html",
}

@MISC{ESAUHI,
    author = "ESA-UHI",
    year = "2008",
    title = "Urban Heat Islands and Urban Thermography ({EOP}-{DUEP}-{EOPS}-{SW}-08-0003)",
    publisher = "European Space Agency",
    url = "http://www.urbanheatisland.info"
}


@ARTICLE{ChenDudhia2001,
  author = "F. Chen and J. Dudhia",
  title = "Coupling an Advanced Land Surface-Hydrology Model with the {P}enn {S}tate-{NCAR} {MM5} Modeling System. Part {I}: Model Implementation and Sensitivity",
  journal = "Mon. Wea. Rev.",
  month = "April",
  year = "2001",
  volume = "129",
  pages = "569-585",
}

@ARTICLE{Lyard2006,
  author = "F. Lyard and F. Lefevre and T. Letellier and O. Francis",
  title = "Modeling the global ocean tides: modern insights from {FES}2004",
  journal = "Ocean Dyn.",
  year = "2006",
  volume = "56",
  pages = "394-415",
}

@ARTICLE{Landberg2003,
    author = "Lars Landberg and Gregor Giebel and Henrik Aalborg and Torben Nielsen and Henrik Madsen",
    title = "Short-term Prediction - An Overview",
    journal = "Wind Energ.",
    year = "2003",
    volume = "6",
    pages = "273-280",
}

% DD
@ARTICLE{Lu2007,
    author = "Chungu Lu and Huiling Yuan and Barry E. Schwartz and Stanley G. Benjamin",
    title = "Short-Range Numerical Weather Prediction Using Time-Lagged Ensembles",
    journal = "Wea. Forecasting",
    year = 2007,
    volume = 22,
    pages = "580-595",
}

% DD
@ARTICLE{Yuan2008,
    author = "Huiling Yuan and John A. McGinley and Paul J. Schultz and Christopher J. Anderson and Chungu Lu",
    title = "Short-Range Precipitation Forecasts from the Time-Lagged Multimodel Ensembles during the HMT-West-2006 Campaign",
    journal = "J. Hydrometeor.",
    year = 2008,
    volume = 9,
    pages = "477-491",
}

% DD
@ARTICLE{Yuan2009,
    author = "Huiling Yuan and Chungu Lu and John A. McGinley and Paul J. Schultz and  Brian J. Jamison and Linda Wharton and Christopher J. Anderson",
    title = "Evaluation of Short-Range Quantitative Precipitation Forecasts from a Time-Lagged Multimodel Ensemble",
    journal = "Wea. Forecasting.",
    year = 2009,
    volume = 24,
    pages = "18-38",
}

@ARTICLE{Mittermaier2007,
    author = "Marion P. Mittermaier",
    title = "Improving short-range hight-resolution model precipitation forecast
    skill using time-lagged ensembles",
    journal = "Q. J. R. Meteorol. Soc.",
    year = "2007",
    volume = "133",
    pages = "1487-1500"
}

@ARTICLE{HoffmanKalnay1983,
    author = "Ross N. Hoffman and Eugenia Kalnay",
    title = "Lagged average forecasting, an alternative method to Monte Carlo forecasting",
    journal = "Tellus",
    year = "1983",
    volume = "35A",
    pages = "100-118"
}

@ARTICLE{vandenDoolRukhovets1994,
    author = "H. M. van den Dool and L. Rukhovets",
    title = "Weights for an Ensemble-Averaged 6-10-Day Forecast",
    journal = "Wea. Forecasting",
    year = "1994",
    volume = "9",
    pages = "457-465"
}

@ARTICLE{MoStraus2002,
    author = "Ruping Mo and David M. Straus",
    title = "Statistical-Dynamical Seasonal Prediction Based on Principal Component Regression of {GCM} Ensemble Integrations",
    journal = "Mon. Wea. Rev.",
    year = "2002",
    volume = "2167-2187",
    pages = "457-465"
}

@ARTICLE{Kalnay1990,
    author = "E. Kalnay and M. Kanamitsu and W. E. Baker",
    title = "Global Numerical Weather Prediction at the {N}ational {M}eteorological {C}enter",
    journal = "Bull. Amer. Meteor. Soc.",
    month = "October",
    volume = 71,
    issue = 10,
    year = "1990",
    pages = "1410-1428",
}

@TECHREPORT{EMC2003,
    author = "EMC",
    title = "The {GFS} Atmospheric Model",
    type = "{NCEP} Office Note 442",
    institution = "Global Climate and Weather Modeling Branch, Environmental Modeling Center (EMC)", 
    address = "Camp Springs, Maryland",
    year = "2003",
    url = "http://www.emc.ncep.noaa.gov/officenotes/newernotes/on442.pdf",
}

@TECHREPORT{CampanaCaplan2005,
    author = "Kenneth Campana and Peter Caplan",
    title = "Technical Procedure Bulletin for {T382} {G}lobal {F}orecast {S}ystem",
    institution = "Environmental Modeling Center (EMC)",
    year = "2005",
    url = "http://www.emc.ncep.noaa.gov/gc_wmb/Documentation//TPBoct05/T382.TPB.FINAL.htm",
}

@TECHREPORT{WRF2008,
    author = "William C. Skamarock and Joseph B. Klemp and Jimy Dudhia and David O. Gill and Dale M. Barker and Michael G. Duda and Xiang-Yu Huang and Wei Wang and Jordan G. Powers",
    title = "A Description of the {A}dvanced {R}esearch {WRF} Version 3",
    type = "{NCAR} Technical Note 475+{STR}",
    institution = "Mesoscale and Microscale Meteorology Division, National Center for Atmospheric Research (NCAR)", 
    address = "Boulder, Colorado, USA",
    year = "2008",
    month ="June",
    url = "http://www.mmm.ucar.edu/wrf/users/docs/arw_v3.pdf",
}


@MISC{NREAP2010,
    author = "NREAP",
    year = "2010",
    title = "Portuguese National Renewable Energy Action Plan",    
    url = "http://ec.europa.eu/energy/renewables/transparency_platform/doc/national_renewable_energy_action_plan_portugal_en.pdf",
}

@TECHREPORT{DGEG2011,
    author = "DGEG",
    title = "Renov\'{a}veis - Estat\'{i}sticas R\'{a}pidas",
    type = "nº76",
    institution = "Direc\c{c}\~{a}o Geral de Energia e Geologia", 
    year = "2011",
    month ="June",
    url = "http://www.dgge.pt/",
}

@TECHREPORT{WWEA2010,
    author = "WWEA",
    title = "World Wind Energy Report 2010",
    institution = "World Wind Energy Association", 
    year = "2010",
    month ="February",
    url = "http://www.wwindea.org/home/images/stories/pdfs/worldwindenergyreport2010_s.pdf",
}


@TECHREPORT{GWEC2010rep,
    author = "GWEC",
    title = "Global Wind Report - Annual market update",
    institution = "Global Wind Energy Council", 
    year = "2010",
    url = "http://www.gwec.net/fileadmin/images/Publications/GWEC_annual_market_update_2010_-_2nd_edition_April_2011.pdf",
}

@TECHREPORT{GWEC2010out,
    author = "GWEC",
    title = "Global Wind Energy Outlook",
    institution = "Global Wind Energy Council", 
    year = "2010",
    url = "http://www.gwec.net/fileadmin/documents/Publications/GWEO%202010%20final.pdf",
}

@TECHREPORT{EWEA2011,
    author = "EWEA",
    title = "Pure Power - Wind energy targets for 2020 and 2030",
    institution = "European Wind Energy Association (EWEA)", 
    year = "2011",
    month = "July",
    url = "http://www.ewea.org/fileadmin/ewea_documents/documents/publications/reports/Pure_Power_III.pdf",
}

@ARTICLE{Lei2009,
    author = "Ma Lei and Luan Shiyan and Jiang Chuanwen and Liu Hongling and Zhang Yan",
    title = "A review on the forecasting of wind speed and generated power",
    journal = "Renewable and Sustainable Energy Reviews",
    year = 2009,
    volume = 13,
    pages = "915-920",
}

@ARTICLE{Sweeney2011,
    author = "Conor P. Sweeney and Peter Lynch and Paul Nolan",
    title = "Reducing errors of wind speed forecasts by and optimal combination of post-processing methods",
    journal = "Meteorol. Appl.",
    year = 2011,
    doi = {10.1002/met.294},
    pages = {n/a--n/a},
}

@ARTICLE{Foley2012,
    author = "Aoife M. Foley and Paul G. Leahy and Antonino Marvuglia and Eamon J. McKeogh",
    title = "Current methods and advances in forecasting wind power generation",
    journal = "Renewable Energy",
    year = 2012,
    volume = 37,
    pages = "1-8",
}

﻿@ARTICLE {WESurvey1,
    author = "WE",
    title = "Wind Energy literature survey no. 1",
    journal = "Wind Energy",
    year = 2000,
    volume = 3,
    number = 3,
    pages = "165-166",
}

﻿@ARTICLE {WESurvey19,
    author = "WE",
    title = "Wind Energy literature survey no. 19",
    journal = "Wind Energy",
    year = 2011,
    volume = 14,
    number = 1,
    pages = "155-157",
}

% AnemosStateArt2003
@TECHREPORT{Giebel2003,
    author = "Gregor Giebel and Richard Brownsword and George Kariniotakis",
    title = "The State-Of-The-Art in Short-Term Prediction of Wind Power - a Literature Overview",
    number = "D1.1",
    institution = "Project ANEMOS (Contract No ENK5-CT-2002-00665)",
    year = "2003",
    month = "12 August",
    pages = "36",
    url = "http://anemos.cma.fr",
}

@CONFERENCE{GiebelEWEC2003,
    author = "G. Giebel and L. Landberg and G. Kariniotakis and R. Brownsword",
    title = "State-of-the-Art on Methods and Software Tools for Short-Term Prediction of Wind Energy Production",
    booktitle = "European Wind Energy Conference \& Exhibition",
    year = "2003",
    address = "Madrid, Spain",
    date = "16-19 June",
}

@CONFERENCE{GiebelDanish2003,
    author = "G. Giebel and G. Kariniotakis and R. Brownsword",
    title = "The State-of-the-Art in Short-Term Prediction of Wind Power - From a {D}anish Perspective",
    booktitle = "4th International Workshop on Large-Scale Integration of Wind Power and Transmission Networks for Offshore Wind Farms",
    year = "2003",
    address = "Billund, Denmark",
    month = "20-21 October",
}


% AnemosProtocol2004
@TECHREPORT{Madsen2004,
    author = "H. Madsen and G. Kariniotakis and H. A. Nielsen and T.S. Nielsen and P. Pinson",
    title = "A Protocol for Standardizing the Performance Evaluation of Short-Term Wind Power Prediction Models",
    number = "D2.3",
    institution = "Project ANEMOS (Contract No ENK5-CT-2002-00665)",
    year = "2004",
    month = "26 March",
    pages = "16",
    url = "http://anemos.cma.fr",
}

@ARTICLE{Madsen2005,
    author = "H. Madsen and P. Pinson and G. Kariniotakis and H. Aa. Nielsen and T. S. Nielsen",
    title = "Standardizing the performance evaluation of short-term wind prediction models",
    journal = "Wind Eng.",
    year = 2005,
    volume = 29,
    number = 6,
    pages = "475-489",
}



% WP2 - AnemosResults2006
@CONFERENCE{Marti2006,
    author = "I. Mart\'{\i} and G. Kariniotakis and P. Pinson and I. Sanchez and
    T. S. Nielsen and H. Madsen and G. Giebel and J. Usaola and A. M.
    Palomares and R. Brownsword and J. Tambke and U. Focken and M. Lange
    and G. Sideratos and G. Descombes",
    title = "Evaluation of Advanced Wind Power Forecasting Models - Results of
    the {A}nemos project",
    booktitle = "European Wind Energy Conference \& Exhibition",
    year = "2006",
    address = "Athens",
    month = "27 February - 2 March",
}


% WP3 - AnemosStatistical2006
@CONFERENCE{Nielsen2006,
    author = "T. S. Nielsen and H. Madsen and H. Aa. Nielsen and P. Pinson and G. Kariniotakis and N. Siebert and I. Mart\'{\i} and M. Lange and U. Focken and L. von Bremen and P. Louka and G. Kallos and G. Galanis",
    title = "Short-term Wind Power Forecasting Using Advanced Statistical Methods",
    booktitle = "European Wind Energy Conference \& Exhibition",
    year = "2006",
    address = "Athens",
    month = "27 February - 2 March",
}


% WP4 - AnemosPhysical2006
@CONFERENCE{Giebel2006,
    author = "Gregor Giebel and J. Badger and I Mart\'{\i} Perez and P. Louka and G. Kallos and A. M. Palomares and C. Lac and G. Descombes",
    title = "Short-term Forecasting Using Advanced Physical Modelling - The Results of the {A}nemos Project",
    booktitle = "European Wind Energy Conference \& Exhibition",
    year = "2006",
    address = "Athens",
    month = "27 February - 2 March",
}

% WP5 - AnemosOffshore2006
@CONFERENCE{Tambke2006,
    author = "J. Tambke and L. von Bremen and R. Barthelmie and A. M. Palomares and T. Ranchin and J. Juban and G. Kariniotakis and R. Brownsword and I. Waldl",
    title = "Short-term Forecasting of Offshore Wind Farms Production - Developments of the {A}nemos Project",
    booktitle = "European Wind Energy Conference \& Exhibition",
    year = "2006",
    address = "Athens, Greece",
    month = "27 February - 2 March",
}

% WP6 - AnemosPlatform2006
@CONFERENCE{Waldl2006tech,
  author = "I. Waldl and F. Dierich and G. Kariniotakis and A. Bocquet and V. Silv\'{\e}re",
  title = "The {A}nemos Wind Power Forecasting Platform Technology - Techniques and Experiences",
  booktitle = "European Wind Energy Conference \& Exhibition",
  year = "2006",
  address = "Athens",
  month = "27 February - 2 March",
}


% Anemos2006
@CONFERENCE{Waldl2006,
  author = "Igor Waldl and Felix Dierich and Georges Kariniotakis and Alexix Bocquet and Silvère Virlot",
  title = "Development of a next generation wind resource forecasting system for the large-scale integration of onshore and offshore wind farms ({ANEMOS})",
  booktitle = "European Wind Energy Conference \& Exhibition",
  year = "2006",
  address = "Athens",
  month = "27 February - 2 March",
}


% WP9 - AnemosOverview2006
@CONFERENCE{Kariniotakis2006,
    author = "Kariniotakis, G. and Halliday, J. and Brownsword, R. and Mart\'{\i} 
        I. and Palomares, A. M. and Cruz, I. and Madsen, H. and Nielsen, 
        T. S. and Nielsen, H. A. and Focken, U. and Lange, M. and Kallos,
        G. and Louka, P. and Hatziargyriou, N. and Frayssinet, P. and Waldl,
        I. and Dierich, F. and Giebel, G. and Barthelmie, R. and Badger,
        J. and Usaola, J. and Sanchez, I. and Heinemann, D. and Tambke, J.
        and Moussafir, J. and Descombes, G. and Calleja, M. and Jouhanique,
        T. and T\o{}fting, J. and O'Donnel. P. and Ryan, M. and Indorf, J.
        and Barquero, C. and Seguardo, P. and Gigantidou, A. and Thalassinakis,
        M. and Gonzales, G. and Bryans, L. and Garrett, D.",
    title = "Next Generation Short-Term Forecasting of Wind Power - Overview of the  {A}nemos Project",
    booktitle = "European Wind Energy Conference \& Exhibition",
    year = "2006",
    address = "Athens",
    month = "27 February - 2 March",
}

@CONFERENCE{Giebel2007,
    author = "Gregor Giebel and George Kariniotakis",
    title = "Best Practice in Short-Term Forecasting. A User Guide",
    booktitle = "European Wind Energy Conference \& Exhibition",
    year = "2007",
    month = "7-10 May",
    address = "Milan, Italy",
}

@CONFERENCE{Lew2011,
    author = "Debra Lew and Michael Miligan and Gary Jordan and Richard Piwko",
    title = "The Value of Wind Power Forecasting",
    booktitle = "91st American Meteorological Society Annual Meeting, 2nd Conference on Weather, Climate, and the New Energy Economy",
    year = "2011",
    address = "Washington, DC, USA",
    month = "26 January",
}


@ARTICLE{Marquis2011,
    author = "Melind Marquis and Jim Wilczak and Mark Ahlstrom and Justin Sharp and Andrew Stern and J. Charles Smith and Stan Calvert",
    title = "Forecasting the Wind to Reach Significant Penetration Levels of Wind Energy",
    journal = "Bull. Amer. Meteor. Soc.",
    month = "September",
    volume = 92,
    issue = 9,
    year = "2011",
    pages = "1159-1171",
}

@ARTICLE{McMurdieCasola2009,
    author = "Lynn A. McMurdie and Joseph H. Casola",
    title = "Weather Regimes and Forecast Errors in the Pacific Northwest",
    journal = "Wea. Forecasting",
    month = "June",
    volume = 24,
    year = "2009",
    pages = "829-842",
}

@ARTICLE{Soriano2006,
    author = "C. Soriano and A. Fern\'{a}ndez and J. Martin-Vide",
    title = "Objective Synoptic Classification combined with High Resolution Meteorological Models for Wind Mesoscale Models",
    journal = "Meteorol. Atmos. Phys.",
    volume = 91,
    year = 2006,
    pages = "165-181",
}

@ARTICLE{Shahgedanova1998,
    author = "M. Shahgedanova and T. P. Burt and T. D. Davies",
    title = "Synoptic Climatology of Air Pollution in Moscow",
    journal = "Theor. Appl. Climatol.",
    volume = 61,
    year = 1998,
    pages = "85-102",
}

@ARTICLE{BeaverPalazoglu2006,
    author = "Scott Beaver and Ahmet Palazoglu",
    title = "Cluster Analysis of Hourly Wind Measurements to Reveal Synoptic Regimes Affecting Air Quality",
    journal = "J. Appl. Meteor. Climatol.",
    volume = 45,
    year = 2006,
    pages = "1710-1726",
}

@BOOK{Warner2011,
    author = "Thomas Tomkins Warner",
    title = "Numerical Weather and Climate Prediction",
    publisher = "Cambridge University Press",
    year = 2011,
    pages = 526,
}


@ARTICLE{Monahan2011,
    author = "Adam H. Monahan and Yanping He and Norman McFarlane and Aiguo Dai",
    title = "The Probability Distribution of Land Surface Wind Speeds",
    journal = "J. Clim.",
    year = "2011",
    volume = "24",
    pages = "3892-3909",
}

@CONFERENCE{Fiuza1980,
    author = "A. F. G. Fiúza",
    title = "Actual Problems of Oceanography in {P}ortugal",
    booktitle = "The {P}ortuguese coastal upwelling system",   
    publisher = "Junta Nacional de Investiga\c{c}\~{a}o Cient\'{i}fica e Tecnol\'{o}gica and Nato Marine Sciences Panel",
    year = "1980",
    month = "21 November",
    address = "Lisbon, Portugal", 
}

@BOOK{Azevedo2006,
    author = "Anthimio Azevedo",
    title = "O Anticiclone dos {A}\c{c}ores",
    publisher = "Patrim\'{o}nio Natural A\c{c}oreano",
    year = 2006,
    pages = 73,
}


@TECHREPORT{Odyssea2005,
    author = "GHRSST-PP",
    title = "{GHRSST-PP} Product User Guide Revision 1.1",
    institution = "The Global  Ocean  Data  Assimilation  Project  (GODAE)  High Resolution Sea Surface Temperature Pilot Project (GHRSST-PP) International Project Office",
    year = "2005",
    month = "15 April",
    url = "http://cersat.ifremer.fr/data/discovery/by_parameter/sea_surface_temperature/eur_l4uhfnd_med",
    pages = "86",
}



@TECHREPORT{LST2005,
    author = "LSA-SAF",
    title = "Product User Manual Land Surface Temperature ({LST})",
    institution = "EUMETSAT Land Surface Analysis Satellite Applications Facility (LSA-SAF)",
    number = "SAF/LAND/IM/PUM\_LST/2.5",
    year = "2010",
    month = "24 September",
    url = "http://landsaf.meteo.pt",
    pages = "49",
}


@CONFERENCE{CostaEtAl2010,
    author = "P. Costa and T. Simões and Ana Estanqueiro",
    title = "Sustainable Offshore Wind Potential in {C}ontinental {P}ortugal",
    booktitle = "Workshop on Oceans as a Source of Energy",
    organization = "Academia de Engenharia",
    year = "2010",
    month = "May",
    address = "Lisbon, Portugal", 
    url = "http://repositorio.lneg.pt/handle/10400.9/1171",
}

@ARTICLE{MassEtAl2002,
    author = "Clifford F. Mass and David Ovens and Ken Westrick and Brian A. Colle",
    title = "Does Increasing Horizontal Resolution Produce More Skillfull Forecasts?",
    journal = "Bull. Amer. Meteor. Soc.",
    year = "2002",
    volume = "83",
    pages = "407-430",
}

@CONFERENCE{ISCRAM2011,
    author = "A. R. Trancoso and J. Delgado Domingos and M. J. Telhado and J. Corte-Real",
    title = "Early Warning System for Meteorological Risk in {L}isbon Municipality: Description and Quality Evaluation",
    booktitle = "8th International Conference on Information Systems for Crisis Response and Management",
    year = "2011",
    address = "Lisbon, Portugal",
    month = "8-11 May",
}


